@Article{Blei2017,
  author    = {David M. Blei and Alp Kucukelbir and Jon D. McAuliffe},
  journal   = {Journal of the American Statistical Association},
  title     = {Variational Inference: A Review for Statisticians},
  year      = {2017},
  month     = apr,
  number    = {518},
  pages     = {859--877},
  volume    = {112},
  doi       = {10.1080/01621459.2017.1285773},
  publisher = {Informa {UK} Limited},
}

@Misc{Ranganath2014,
  author    = {Ranganath, Rajesh and Gerrish, Sean and Blei, David M.},
  title     = {Black Box Variational Inference},
  year      = {2014},
  copyright = {arXiv.org perpetual, non-exclusive license},
  doi       = {10.48550/ARXIV.1401.0118},
  keywords  = {Machine Learning (stat.ML), Machine Learning (cs.LG), Computation (stat.CO), Methodology (stat.ME), FOS: Computer and information sciences},
  publisher = {arXiv},
}
